<Doc xmlns:gs2="http://www.greenstone.org/gs2" file="HASH7c57\5f57a57c\fb45ab00\33s4.dir\doc.xml"  gs2:docOID="HASH7c575f57a57cfb45ab0033s4" gs2:mode="add">

<Sec  gs2:docOID="HASH7c575f57a57cfb45ab0033s4" gs2:mode="add">
&lt;pre&gt;
 LDR 00896cam  2200253   4500
001     4561795
005     19910502161618.9
008     691114r1969    nyua          000 0 eng  
035    _9 (DLC)   73087052
906    _a 7
       _b cbc
       _c orignew
       _d u
       _e ncip
       _f 19
       _g y-gencatlg
010    _a    73087052 
040    _a DLC
       _c DLC
       _d DLC
050 00 _a ML54.6.B4
       _b I4
082 00 _a 784.3
245 04 _a The Beatles illustrated lyrics
       _c [by] Julian Allen [and others] Edited by Alan
 Aldridge.
250    _a [1st American ed.
260    _a New York,
       _b Delacorte Press,
       _c 1969]
300    _a 2 v.
       _b illus. (part col.)
       _c 29 cm.
490 0  _a A Seymour Lawrence book
500    _a Published in 1974 under title: The Beatles lyrics
 complete; published in 1975 under title: The Beatles
 lyrics.
650  0 _a Rock music
       _y 1961-1970
       _x Texts.
700 1  _a Aldridge, Alan,
       _e ed.
710 2  _a Beatles.
991    _b c-Music
       _h ML54.6.B4
       _i I4
       _t Copy 1
       _w BOOKS
&lt;/pre&gt;
 
</Sec>


</Doc>
